@misc{0514_anatomy_of_knee_joint_medical_images_for_powerpoint_Slide01,
    title = {{0514{\_}anatomy{\_}of{\_}knee{\_}joint{\_}medical{\_}images{\_}for{\_}powerpoint{\_}Slide01}}
}

@article{Arendt-Nielsen2015ALevels,
    title = {{A mechanism-based pain sensitivity index to characterize knee osteoarthritis patients with different disease stages and pain levels}},
    year = {2015},
    journal = {European Journal of Pain (United Kingdom)},
    author = {Arendt-Nielsen, L. and Egsgaard, L. L. and Petersen, K. K. and Eskehave, T. N. and Graven- Nielsen, T. and Hoeck, H. C. and Simonsen, O.},
    number = {10},
    pages = {1406--1417},
    volume = {19},
    isbn = {1532-2149},
    doi = {10.1002/ejp.651},
    issn = {15322149},
    pmid = {25545011}
}

@article{Wright2015AbnormalTKA,
    title = {{Abnormal Quantitative Sensory Testing is Associated With Persistent Pain One Year After TKA}},
    year = {2015},
    journal = {Clinical Orthopaedics and Related Research},
    author = {Wright, Anthony and Moss, Penny and Sloan, Karen and Beaver, Richard J. and Pedersen, Jarle B. and Vehof, Gerard and Borge, Henrik and Maestroni, Luca and Cheong, Philip},
    number = {1},
    pages = {246--254},
    volume = {473},
    doi = {10.1007/s11999-014-3990-2},
    issn = {15281132},
    pmid = {25293497}
}

@article{Petersen2015ChronicArthroplasty.,
    title = {{Chronic postoperative pain after primary and revision total knee arthroplasty.}},
    year = {2015},
    journal = {The Clinical journal of pain},
    author = {Petersen, Kristian K and Simonsen, Ole and Laursen, Mogens B and Nielsen, Thomas a and Rasmussen, Sten and Arendt-Nielsen, Lars},
    number = {1},
    pages = {1--6},
    volume = {31},
    url = {http://www.ncbi.nlm.nih.gov/pubmed/25485953},
    isbn = {0000000000000},
    doi = {10.1097/AJP.0000000000000146},
    issn = {1536-5409},
    pmid = {25485953},
    keywords = {1, 31, 6, arthroplasty, chronic pain, clin j pain 2015, is the most frequent, musculoskeletal, oa, osteoarthritis, quality of life, revision arthroplasty, steoarthritis, total knee}
}

@article{Wylde2015CORRTKA,
    title = {{CORR Insights??: Abnormal Quantitative Sensory Testing is Associated With Persistent Pain One Year After TKA}},
    year = {2015},
    journal = {Clinical Orthopaedics and Related Research},
    author = {Wylde, Vikki},
    number = {1},
    pages = {255--257},
    volume = {473},
    doi = {10.1007/s11999-014-4023-x},
    issn = {15281132},
    pmid = {25349037}
}

@article{Skou2016CriteriaDoing,
    title = {{Criteria used when deciding on eligibility for total knee arthroplasty - Between thinking and doing}},
    year = {2016},
    journal = {Knee},
    author = {Skou, Søren T. and Roos, Ewa M. and Laursen, Mogens B. and Rathleff, Michael S. and Arendt-Nielsen, Lars and Simonsen, Ole and Rasmussen, Sten},
    number = {2},
    pages = {300--305},
    volume = {23},
    publisher = {Elsevier B.V.},
    url = {http://dx.doi.org/10.1016/j.knee.2015.08.012},
    doi = {10.1016/j.knee.2015.08.012},
    issn = {18735800},
    pmid = {26749202},
    keywords = {Arthroplasty, Decision-making, Knee, Osteoarthritis, Therapeutics}
}

@article{OdgaardAnders.EmmeluthClaus.KappelAndreas.LambergAnders.SchrderHenrik.TroelsenAnders.PedersenAlmaB.Graversen2015DanskKvalitetsindikatorer,
    title = {{Dansk Kn{\ae}alloplastikregister {\AA}rsrapport Kvalitetsindikatorer}},
    year = {2015},
    author = {Odgaard, Anders. Emmeluth, Claus. Kappel, Andreas. Lamberg, Anders. Schr{\o}der, Henrik. Troelsen, Anders. Pedersen, Alma B. Graversen, Hans Peter.}
}

@book{Sundhedsstyrelsen2013DanskernesSundhedsprofil,
    title = {{Danskernes sundhed - Den nationale sundhedsprofil}},
    year = {2013},
    booktitle = {Sundhedsstyrelsen},
    author = {{Sundhedsstyrelsen}},
    pages = {82--96},
    isbn = {9788771041767},
    doi = {http://www.sst.dk/publ/Publ2010/CFF/Sundhedsprofiler/DenNationaleSHP.pdf}
}

@article{Johnsen2014DeArtrose,
    title = {{De samfundsm{\ae}ssige omkostninger ved artrose}},
    year = {2014},
    author = {Johnsen, Nina Føns and Koch, Mette Bjerrum and Davidsen, Michael and Juel, Knud},
    pages = {23}
}

@article{2007Muskel-Skeletsygdomme,
    title = {{Muskel- og skeletsygdomme}},
    year = {2007},
    number = {2}
}

@article{Alm2016Notat,
    title = {{Notat}},
    year = {2016},
    author = {Alm, S U U and Fysioterapeuter, Danske},
    pages = {1--5}
}

@misc{Nrrheum,
    title = {{nrrheum}}
}

@article{Thakur2014OsteoarthritisNeuropathic,
    title = {{Osteoarthritis pain: nociceptive or neuropathic?}},
    year = {2014},
    journal = {Nature reviews. Rheumatology},
    author = {Thakur, Matthew and Dickenson, Anthony H and Baron, Ralf},
    number = {6},
    pages = {374--80},
    volume = {10},
    publisher = {Nature Publishing Group},
    url = {http://www.ncbi.nlm.nih.gov/pubmed/24686507},
    isbn = {1759-4804 (Electronic){\textbackslash}r1759-4790 (Linking)},
    doi = {10.1038/nrrheum.2014.47},
    issn = {1759-4804},
    pmid = {24686507}
}

@article{Lunn2013PredictionArthroplasty,
    title = {{Prediction of postoperative pain by preoperative pain response to heat stimulation in total knee arthroplasty}},
    year = {2013},
    journal = {Pain},
    author = {Lunn, Troels H. and Gaarn-Larsen, Lissi and Kehlet, Henrik},
    number = {9},
    pages = {1878--1885},
    volume = {154},
    publisher = {International Association for the Study of Pain},
    url = {http://dx.doi.org/10.1016/j.pain.2013.06.008},
    isbn = {0960-9776 (Print){\textbackslash}r0960-9776 (Linking)},
    doi = {10.1016/j.pain.2013.06.008},
    issn = {03043959},
    pmid = {23769717},
    keywords = {Heat pain stimulation, Postoperative pain, Prediction, Quantitative sensory testing, Thermal testing, Total knee arthroplasty}
}

@article{Lewis2015PredictorsMeta-analysis,
    title = {{Predictors of persistent pain after total knee arthroplasty: A systematic review and meta-analysis}},
    year = {2015},
    journal = {British Journal of Anaesthesia},
    author = {Lewis, G. N. and Rice, D. A. and McNair, P. J. and Kluger, M.},
    number = {4},
    pages = {551--561},
    volume = {114},
    isbn = {0007-0912},
    doi = {10.1093/bja/aeu441},
    issn = {14716771},
    pmid = {25542191},
    keywords = {arthroplasty, chronic pain, knee joint, meta-analysis}
}

@article{Petersen2016PreoperativeReplacement,
    title = {{Preoperative pain mechanisms assessed by cuff algometry are associated with chronic postoperative pain relief after total knee replacement}},
    year = {2016},
    journal = {Pain},
    author = {Petersen, Kristian Kjær and Graven-Nielsen, Thomas and Simonsen, Ole and Laursen, Mogens Berg and Arendt-Nielsen, Lars},
    pages = {1},
    volume = {157},
    url = {http://content.wkhealth.com/linkback/openurl?sid=WKPTLP:landingpage{\&}an=00006396-900000000-99581},
    isbn = {0000000000000},
    doi = {10.1097/j.pain.0000000000000531},
    issn = {0304-3959},
    pmid = {27331347},
    keywords = {chronic, conditioned pain modulation, osteoarthritis, temporal summation}
}

@article{Petersen2015PresurgicalReplacement,
    title = {{Presurgical assessment of temporal summation of pain predicts the development of chronic postoperative pain 12 months after total knee replacement}},
    year = {2015},
    journal = {Pain},
    author = {Petersen, Kristian K j??r and Arendt-Nielsen, Lars and Simonsen, Ole and Wilder-Smith, Oliver and Laursen, Mogens B erg},
    number = {1},
    pages = {55--61},
    volume = {156},
    isbn = {0000000000000},
    doi = {10.1016/j.pain.0000000000000022},
    issn = {18726623},
    pmid = {25599301},
    keywords = {chronic postoperative pain, conditioning pain modulation, hyperalgesia, osteoarthritis, temporal summation}
}

@article{Arendt-Nielsen2010SensitizationOsteoarthritis,
    title = {{Sensitization in patients with painful knee osteoarthritis}},
    year = {2010},
    journal = {Pain},
    author = {Arendt-Nielsen, Lars and Nie, Hongling and Laursen, Mogens B. and Laursen, Birgitte S. and Madeleine, Pascal and Simonsen, Ole H. and Graven-Nielsen, Thomas},
    number = {3},
    pages = {573--581},
    volume = {149},
    publisher = {International Association for the Study of Pain},
    url = {http://dx.doi.org/10.1016/j.pain.2010.04.003},
    isbn = {1872-6623 (Electronic){\textbackslash}r0304-3959 (Linking)},
    doi = {10.1016/j.pain.2010.04.003},
    issn = {03043959},
    pmid = {20418016},
    keywords = {Experimental pain, Inhibition, Knee osteoarthritis, Pressure pain threshold, Sensitization, Temporal summation}
}

@article{Flachs2015SygdomsbyrdenDanmark,
    title = {{Sygdomsbyrden i danmark}},
    year = {2015},
    author = {Flachs, Esben Maulengracht and Eriksen, Louise and Koch, Mette Bjerrum},
    isbn = {9788771046045}
}

@article{Johnson2014TheOsteoarthritis,
    title = {{The epidemiology of osteoarthritis}},
    year = {2014},
    journal = {Best Practice and Research: Clinical Rheumatology},
    author = {Johnson, Victoria L. and Hunter, David J.},
    number = {1},
    pages = {5--15},
    volume = {28},
    publisher = {Elsevier Ltd},
    url = {http://dx.doi.org/10.1016/j.berh.2014.01.004},
    isbn = {1532-1770 (Electronic){\textbackslash}r1521-6942 (Linking)},
    doi = {10.1016/j.berh.2014.01.004},
    issn = {15321770},
    pmid = {24792942},
    keywords = {Aetiology, Epidemiology, Osteoarthritis}
}